@unknown{unknown,
author = {Ortiz-Bobea, Ariel and Ault, Toby and Carrillo, Carlos and Chambers, Robert and Lobell, David},
year = {2020},
month = {07},
pages = {},
title = {The Historical Impact of Anthropogenic Climate Change on Global Agricultural Productivity},
doi = {10.48550/arXiv.2007.10415}
}