@article{10.1071/CP16334,
author = {Leonardo A. Monteiro and Paulo C. Sentelhas},
title = {{Sugarcane yield gap: can it be determined at national level with a simple agrometeorological model?}},
volume = {68},
journal = {Crop and Pasture Science},
number = {3},
publisher = {CSIRO Publishing},
pages = {272 -- 284},
keywords = {crop modelling, Ethanol production, risks mitigation, sugar, water stress},
year = {2017},
doi = {10.1071/CP16334},
URL = {https://doi.org/10.1071/CP16334}
}
