@article{https://doi.org/10.2136/vzj2004.0004br,
author = {Wang, D.},
title = {Agrometeorology. Principles and Applications of Climate Studies in Agriculture},
journal = {Vadose Zone Journal},
volume = {4},
number = {2},
pages = {446-446},
doi = {https://doi.org/10.2136/vzj2004.0004br},
url = {https://acsess.onlinelibrary.wiley.com/doi/abs/10.2136/vzj2004.0004br},
eprint = {https://acsess.onlinelibrary.wiley.com/doi/pdf/10.2136/vzj2004.0004br},
year = {2005}
}

