

@article{article68533ae4,
title   = {Performance of DSSAT CSM-CANEGRO under operational conditions and its use in determining the ‘Saving Irrigation’ impact on sugarcane crop},
author = {Vianna, Murilo dos Santos and Sentelhas, Paulo Cesar},
year = {2016},
doi = {10.1007/s12355-015-0367-0},
journal   = {Sugar Tech}
}