@book{monteiro2009,
  author    = {{MONTEIRO}, José Eduardo B. A.},
  title     = {Agrometeorologia dos cultivos: o fator meteorológico na produção agrícola},
  publisher = {INMET},
  year      = {2009},
  address   = {Brasília, DF},
  pages     = {530},
  isbn      = {978-85-62817-00-7}
}

@article{weiss2000,
  author  = {{WEISS}, A. and {VAN CROWDER}, L. and {BERNARDI}, M.},
  title   = {Communicating agrometeorological information to farming communities},
  journal = {Agricultural and Forest Meteorology},
  year    = {2000},
  volume  = {103},
  number  = {1},
  pages   = {185-196},
  doi     = {10.1016/S0168-1923(00)00111-8},
  url     = {https://www.sciencedirect.com/science/article/pii/S0168192300001118},
  keywords = {Agrometeorology, Information, Communication, Farmers, Technology}
}

@book{mavi2004,
  author    = {{MAVI}, H. S. and {TUPPER}, G. J.},
  title     = {Agrometeorology: {P}rinciples and {A}pplications of {C}limate {S}tudies in {A}griculture},
  publisher = {CRC Press},
  year      = {2004},
  edition   = {1},
  doi       = {10.1201/9781482277999},
  url       = {https://doi.org/10.1201/9781482277999}
}

@book{pereira2002,
  author    = {{PEREIRA}, A. R. and {ANGELOCCI}, L. R. and {SENTELHAS}, P. C.},
  title     = {Agrometeorologia: fundamentos e aplicações práticas},
  publisher = {Agropecuária},
  year      = {2002},
  address   = {Guaíba}
}

@article{callaway2021,
  author  = {{CALLAWAY}, Brantly and {SANT'ANNA}, Pedro H. C.},
  title   = {Difference-in-differences with multiple time periods},
  journal = {Journal of Econometrics},
  year    = {2021},
  volume  = {225},
  number  = {2},
  pages   = {200-230},
  doi     = {10.1016/j.jeconom.2020.12.001},
  url     = {https://www.sciencedirect.com/science/article/pii/S0304407620303948},
  keywords = {Difference-in-Differences, Dynamic treatment effects, Doubly robust, Event study, Variation in treatment timing, Treatment effect heterogeneity, Semi-parametric}
}

@article{goodman2021,
  author  = {{GOODMAN-BACON}, Andrew},
  title   = {Difference-in-differences with variation in treatment timing},
  journal = {Journal of Econometrics},
  year    = {2021},
  volume  = {225},
  number  = {2},
  pages   = {254-277},
  doi     = {10.1016/j.jeconom.2021.03.014},
  url     = {https://www.sciencedirect.com/science/article/pii/S0304407621001445},
  keywords = {Difference-in-differences, Variation in treatment timing, Two-way fixed effects, Treatment effect heterogeneity}
}

@article{santanna2020,
  author  = {{SANT'ANNA}, Pedro H. C. and {ZHAO}, Jun},
  title   = {Doubly robust difference-in-differences estimators},
  journal = {Journal of Econometrics},
  year    = {2020},
  volume  = {219},
  number  = {1},
  pages   = {101-122},
  doi     = {10.1016/j.jeconom.2020.06.003},
  url     = {https://www.sciencedirect.com/science/article/pii/S0304407620301901},
  keywords = {Causal inference, Difference-in-differences, Natural experiments, Panel data, Repeated cross-section data, Semiparametric efficiency}
}

@article{sun2021,
  author  = {{SUN}, Liyang and {ABRAHAM}, Sarah},
  title   = {Estimating dynamic treatment effects in event studies with heterogeneous treatment effects},
  journal = {Journal of Econometrics},
  year    = {2021},
  volume  = {225},
  number  = {2},
  pages   = {175-199},
  doi     = {10.1016/j.jeconom.2020.09.006},
  url     = {https://www.sciencedirect.com/science/article/pii/S030440762030378X},
  keywords = {Difference-in-differences, Two-way fixed effects, Pretrend test}
}

@article{rijks2000,
  author  = {{RIJKS}, D. and {BARADAS}, M. W.},
  title   = {The clients for agrometeorological information},
  journal = {Agricultural and Forest Meteorology},
  year    = {2000},
  volume  = {103},
  number  = {1},
  pages   = {27-42},
  doi     = {10.1016/S0168-1923(00)00116-7},
  url     = {https://www.sciencedirect.com/science/article/pii/S0168192300001167},
  keywords = {Agrometeorology, Clients, Information products, Information delivery, Benefits of information}
}

@manual{rcoreteam2024,
  title = {R: A Language and Environment for Statistical Computing},
  author = {{R Core Team}},
  organization = {R Foundation for Statistical Computing},
  address = {Vienna, Austria},
  year = {2025},
  url = {https://www.R-project.org/},
}

@misc{mapa2024,
  author       = {{MINISTÉRIO DA AGRICULTURA E PECUÁRIA}},
  title        = {Ministro Carlos Fávaro assina acordo que garante instalação de 220 novas estações meteorológicas no país},
  year         = {2025},
  url          = {https://www.gov.br/agricultura/pt-br/assuntos/noticias/
                  ministro-carlos-favaro-assina-acordo-que-garante-instalacao-de-
                  220-novas-estacoes-meteorologicas-no-pais-1},
  note         = {Publicado em: 3 set. 2025. Acesso em: 4 set. 2025}
}

@article{monteiro2017,
  author  = {MONTEIRO, Leonardo A. and SENTELHAS, Paulo C.},
  title   = {Sugarcane yield gap: can it be determined at national level with a simple agrometeorological model?},
  journal = {Crop and Pasture Science},
  year    = {2017},
  volume  = {68},
  number  = {3},
  pages   = {272-284},
  doi     = {10.1071/CP16334},
  url     = {https://doi.org/10.1071/CP16334},
  keywords = {crop modelling, Ethanol production, risks mitigation, sugar, water stress}
}

@article{marin2015,
  author  = {MARIN, Fábio R. and THORBURN, Peter J. and NASSIF, Daniel S. P. and COSTA, Leandro G.},
  title   = {Sugarcane model intercomparison: {S}tructural differences and uncertainties under current and potential future climates},
  journal = {Environmental Modelling \& Software},
  year    = {2015},
  volume  = {72},
  pages   = {372-386},
  doi     = {10.1016/j.envsoft.2015.02.019},
  url     = {https://www.sciencedirect.com/science/article/pii/S1364815215000766},
  keywords = {Sugarcane, Simulation, Uncertainty, Calibration, Model intercomparison, Process-based model, Climate change}
}

@article{vianna2016,
  author  = {VIANNA, Murilo dos Santos and SENTELHAS, Paulo Cesar},
  title   = {Performance of {DSSAT} {CSM-CANEGRO} under operational conditions and its use in determining the 'saving irrigation' impact on sugarcane crop},
  journal = {Sugar Tech},
  year    = {2016},
  volume  = {18},
  number  = {1},
  pages   = {75-86},
  doi     = {10.1007/s12355-015-0367-0},
  url     = {https://doi.org/10.1007/s12355-015-0367-0}
}

@article{carvalho2015,
  author  = {CARVALHO, André Luiz de and MENEZES, Rômulo Simões Cezar and NÓBREGA, Ranyére Silva and PINTO, Alexandre de Siqueira and OMETTO, Jean Pierre Henry Balbaud and {VON RANDOW}, Celso and GIAROLLA, Angélica},
  title   = {Impact of climate changes on potential sugarcane yield in {P}ernambuco, northeastern region of {B}razil},
  journal = {Renewable Energy},
  year    = {2015},
  volume  = {78},
  pages   = {26-34},
  doi     = {10.1016/j.renene.2014.12.023},
  url     = {https://www.sciencedirect.com/science/article/pii/S0960148114008507},
  keywords = {Global warming, Future climate scenarios, Century 4.5 model, Sugarcane}
}

@misc{ortiz2020,
  author  = {ORTIZ-BOBEA, Ariel and AULT, Toby and CARRILLO, Carlos and CHAMBERS, Robert and LOBELL, David},
  title   = {The {H}istorical {I}mpact of {A}nthropogenic {C}limate {C}hange on {G}lobal {A}gricultural {P}roductivity},
  year    = {2020},
  month   = {July},
  doi     = {10.48550/arXiv.2007.10415},
  url     = {https://arxiv.org/abs/2007.10415}
}
@article{burke2021,
  author  = {BURKE, Marshall and DRISCOLL, Anne and LOBELL, David B. and ERMON, Stefano},
  title   = {Using satellite imagery to understand and promote sustainable development},
  journal = {Science},
  year    = {2021},
  volume  = {371},
  number  = {6535},
  pages   = {eabe8628},
  doi     = {10.1126/science.abe8628},
  url     = {https://www.science.org/doi/abs/10.1126/science.abe8628}
}

@article{crost2018,
  author  = {CROST, Benjamin and DUQUENNOIS, Claire and FELTER, Joseph H. and REES, Daniel I.},
  title   = {Climate change, agricultural production and civil conflict: {E}vidence from the {P}hilippines},
  journal = {Journal of Environmental Economics and Management},
  year    = {2018},
  volume  = {88},
  pages   = {379-395},
  doi     = {10.1016/j.jeem.2018.01.005},
  url     = {https://www.sciencedirect.com/science/article/pii/S0095069617301584},
  keywords = {Climate change, Civil conflict, Rainfall}
}

@article{gatti2021,
  author  = {GATTI, Nicolas and BAYLIS, Kathy and CROST, Benjamin},
  title   = {Can irrigation infrastructure mitigate the effect of rainfall shocks on conflict? {E}vidence from {I}ndonesia},
  journal = {American Journal of Agricultural Economics},
  year    = {2021},
  volume  = {103},
  number  = {1},
  pages   = {211-231},
  doi     = {10.1002/ajae.12092},
  url     = {https://onlinelibrary.wiley.com/doi/abs/10.1002/ajae.12092},
  keywords = {Civil conflict, economic conflict, ethnic conflict, irrigation, rainfall, weather shocks}
}

@book{davison1997,
  title = {Bootstrap Methods and their Application},
  author = {Davison, A. C. and Hinkley, D. V.},
  year = {1997},
  publisher = {Cambridge University Press},
  address = {Cambridge},
  doi = {10.1017/CBO9780511802843},
  url = {https://doi.org/10.1017/CBO9780511802843}
}